@misc{behavioral,
    author    = "Robert K.",
    title     = "Behavioral Design Patterns",
    url       = "https://www.codeproject.com/Articles/455228/Design-Patterns-of-Behavioral-Design-Patterns"
}

@misc{estruct,
    author    = "Díaz A.",
    title     = "Patrones estructurales",
    url       = "https://highscalability.wordpress.com/2010/04/12/patrones%C2%A0estructurales/"
}

@misc{workflow,
    author    = "Saffirio M.",
    title     = "Workflow",
    url       = "https://msaffirio.wordpress.com/2007/10/27/workflow/"
}

@book{Bol_2014,
	author = {Bolaños, S},
	title = {Presentación patrones de diseño GoF},
	date = {2014},
}

 @book{Sergio_2015,
	author = {Cardona S., Jaramillo S., Villegas M.},
    title = {Introducción a la programación en Java},
    date = {2015},
 }
 @book{Pressman_2010,
 	author = {Pressman, R},
 	title = {Ingeniería de Software. Un Enfoque Práctico},
 	date = {2010},
 }
 @misc{modeladosistema,
    author    = "Modelado del sistema",
    title     = "Modelos de interacción",
    url       = "https://modeladodelsistema.wordpress.com/2016/06/15/modelo-de-interaccion/"
}

@book{Kendall_2005,
	author = {Kendall K. and Kendall J.},
	title = {Análisis y diseño de sistemas},
	date = {2005},
}

@book{Stehen_2003,
	author = {Stephen H.},
	title = {Metrics and Models in Software Quality Engineering},
	date = {2003},
}
@misc{ccmetric,
    author    = "Oriente J..",
    title     = "Complejidad ciclomática ¿Nuestro código es fácil de mantener y probar?",
    url       = "http://joaquinoriente.com/2012/11/15/complejidad-ciclomatica-nuestro-codigo-es-facil-de-mantener-y-probar/"
}
@book{Ospina_2012,
	author = {Ospina C.},
	title = {ANÁLISIS, DISEÑO, DESARROLLO,
	PRUEBAS 
	Y DESPLIEGUE 
	DE 
	SOFTWARE, CON LOS ESTÁNDARES DE CALIDAD, PROCESO Y 
	TECNOLOGÍAS USADAS EN PRAGMA S.A.},
	date = {2012},
}
@misc{wik_Deployment,
author    = "Oriente J..",
title     = "Complejidad ciclomática ¿Nuestro código es fácil de mantener y probar?",
url       = "http://joaquinoriente.com/2012/11/15/complejidad-ciclomatica-nuestro-codigo-es-facil-de-mantener-y-probar/"
}
@misc{Nodos,
	author= "Brito O., Gonzáles G., Rodríguez M., Gonzáles J., Leonett A.",
	title     = "Diagrama de Componentes",
	url       = "https://diagrama-de-componentes.jimdo.com/uml-nodo/"
}